<record><leader>00000cas a22000007a 4500</leader><controlfield tag="001">14880638</controlfield><controlfield tag="008">861126d18991976pauwr ne      0    0eng d</controlfield><datafield ind1=" " ind2=" " tag="010"><subfield code="a">sn 86082040 </subfield></datafield><datafield ind1=" " ind2=" " tag="040"><subfield code="a">NPH</subfield><subfield code="b">eng</subfield><subfield code="c">NPH</subfield><subfield code="d">OCLCQ</subfield></datafield><datafield ind1=" " ind2=" " tag="042"><subfield code="a">msc</subfield></datafield><datafield ind1="0" ind2="4" tag="245"><subfield code="a">The Windber era.</subfield></datafield><datafield ind1=" " ind2=" " tag="260"><subfield code="a">Winber, Pa. :</subfield><subfield code="b">W.B. Akin,</subfield><subfield code="c">-1976.</subfield></datafield><datafield ind1=" " ind2=" " tag="300"><subfield code="a">v. :</subfield><subfield code="b">ill. ;</subfield><subfield code="c">54 cm.</subfield></datafield><datafield ind1=" " ind2=" " tag="310"><subfield code="a">Weekly</subfield></datafield><datafield ind1="1" ind2=" " tag="362"><subfield code="a">Began with May 12, 1899 issue.</subfield><subfield code="z">Cf. Alcamo, F.P. The Windber story.</subfield></datafield><datafield ind1="0" ind2=" " tag="362"><subfield code="a">-v. 78, no. 36 (Mar. 3, 1976).</subfield></datafield><datafield ind1=" " ind2=" " tag="500"><subfield code="a">Published every Thursday.</subfield></datafield><datafield ind1=" " ind2=" " tag="500"><subfield code="a">Publisher: Johnstown Tribune Pub. Co., &lt;1965&gt;-1976.</subfield></datafield><datafield ind1=" " ind2=" " tag="580"><subfield code="a">Issued also in a daily edition called: Windber daily era, Dec. 12, 1903-Dec. 24, 1904.</subfield></datafield><datafield ind1=" " ind2=" " tag="588"><subfield code="a">Description based on: Vol. 4, no. 2 (May 29, 1902).</subfield></datafield><datafield ind1=" " ind2=" " tag="752"><subfield code="a">United States</subfield><subfield code="b">Pennsylvania</subfield><subfield code="c">Somerset</subfield><subfield code="d">Windber.</subfield></datafield><datafield ind1="1" ind2=" " tag="775"><subfield code="t">Windber daily era</subfield><subfield code="w">(DLC)sn 86082039</subfield></datafield><datafield ind1="0" ind2="0" tag="785"><subfield code="t">Era (Windber, Pa.)</subfield><subfield code="w">(DLC)sn 86082041</subfield></datafield></record>